@book{texbook,
  author    = {Donald E. Knuth},
  year      = {1986},
  title     = {The {\TeX} Book},
  publisher = {Addison-Wesley Professional}
}

@misc{wiki:latex,
  author = {{Wikipedia contributors}},
  title  = {LaTeX --- {Wikipedia}{,} The Free Encyclopedia},
  year   = {2023},
  url    = {https://en.wikipedia.org/w/index.php?title=LaTeX&oldid=1190763771},
  note   = {[Online; pristupljeno 4-januar-2024]}
}

@misc{ wiki:Bernoulli,
author = "Wikimedia Commons",
title = "File:Porträt des Daniel Bernoulli - edit1.jpg --- Wikimedia Commons{,} the free media repository",
year = "2022",
url = "https://commons.wikimedia.org/w/index.php?title=File:Portr%C3%A4t_des_Daniel_Bernoulli_-_edit1.jpg&oldid=627640203",
note = "[Online; pristupljeno 4-januar-2024]"
}

@article{Bender_1998,
  title     = {Real Spectra in Non-Hermitian Hamiltonians Having $\mathcal{PT}$ Symmetry},
  volume    = {80},
  issn      = {1079-7114},
  url       = {http://dx.doi.org/10.1103/PhysRevLett.80.5243},
  doi       = {10.1103/physrevlett.80.5243},
  number    = {24},
  journal   = {Physical Review Letters},
  publisher = {American Physical Society (APS)},
  author    = {Bender, Carl M. and Boettcher, Stefan},
  year      = {1998},
  month     = jun,
  pages     = {5243–5246}
}

@misc{git:damir,
  author = {Damir Agačević},
  title  = {PMF Fizika \LaTeX~template},
  year   = {2021},
  url    = {https://github.com/theDDA/pmf-fizika-latex-template},
  note   = {[Online; pristupljeno 4-januar-2024]}
}